@Article{15973409,
AUTHOR = {Quiroga, R Quian and Reddy, L and Kreiman, G and Koch, C and Fried, I}
TITLE = {Invariant visual representation by single neurons in the human brain.},
JOURNAL = {Nature},
VOLUME = {435},
YEAR = {2005},
NUMBER = {7045},
PAGES = {1102-7},
URL = {http://www.biomedsearch.com/nih/Invariant-visual-representation-by-single/15973409.html},
PubMedID = {15973409},
ISSN = {1476-4687},
}