@inproceedings{KrizhevskyNIPS12,
  title={ImageNet Classification with Deep Convolutional Neural Networks.},
  author={Krizhevsky, Alex and Sutskever, Ilya and Hinton, Geoffrey E},
  booktitle={NIPS},
  year={2012}
}
@article{GirshickCVPR14,
  title={Rich feature hierarchies for accurate object detection and semantic segmentation},
  author={Girshick, Ross and Donahue, Jeff and Darrell, Trevor and Malik, Jitendra},
  journal={arXiv preprint arXiv:1311.2524},
  year={2013}
}
@misc{ArbelaezCVPR14,
 author = {Authors},
 title = {Multiscale Combinatorial Grouping},
 note = {To appear in CVPR 2014. Supplied as additional material {\tt mcg.pdf}},
 year = 2014
}
@inproceedings{FidlerCVPR13,
  title={Bottom-up segmentation for top-down detection},
  author={Fidler, Sanja and Mottaghi, Roozbeh and Yuille, Alan and Urtasun, Raquel},
  booktitle={CVPR},
  year={2013}
}
@InProceedings{HariharanICCV11,
  author       = "Bharath Hariharan and Pablo Arbelaez and Lubomir Bourdev and Subhransu Maji and Jitendra Malik",
  title        = "Semantic Contours from Inverse Detectors",
  booktitle    = "International Conference on Computer Vision (ICCV)",
  year         = "2011",
}
@inproceedings{ParkhiICCV11,
  title={The truth about cats and dogs},
  author={Parkhi, Omkar M and Vedaldi, Andrea and Jawahar, CV and Zisserman, Andrew},
  booktitle={ICCV},
  year={2011}
}
@inproceedings{daiCVPR12,
  title={Learning to localize detected objects},
  author={Dai, Qieyun and Hoiem, Derek},
  booktitle={CVPR},
  year={2012}
}
@InProceedings{ArbelaezCVPR12,
  author       = "Pablo Arbelaez and Bharath Hariharan and Chunhui Gu and Saurabh Gupta and Jitendra Malik",
  title        = "Semantic Segmentation using Regions and Parts",
  booktitle    = "CVPR",
  year         = "2012",
}
@incollection{BourdevECCV10,
  title={Detecting people using mutually consistent poselet activations},
  author={Bourdev, Lubomir and Maji, Subhransu and Brox, Thomas and Malik, Jitendra},
  booktitle={ECCV},
   year={2010}
   }
@article{FelzenszwalbPAMI10,
  title={Object detection with discriminatively trained part-based models},
  author={Felzenszwalb, Pedro F and Girshick, Ross B and McAllester, David and Ramanan, Deva},
  journal={TPAMI},
  volume={32},
  number={9},
  year={2010}
}
@incollection{CarreiraECCV12,
  title={Semantic segmentation with second-order pooling},
  author={Carreira, Joao and Caseiro, Rui and Batista, Jorge and Sminchisescu, Cristian},
  booktitle={ECCV},
  year={2012}
}
@inproceedings{VanICCV11,
  title={Segmentation as selective search for object recognition},
  author={van de Sande, Koen EA and Uijlings, Jasper RR and Gevers, Theo and Smeulders, Arnold WM},
  booktitle={Computer Vision (ICCV), 2011 IEEE International Conference on},
  year={2011}
}
@article{LecunNC89,
  title={Backpropagation applied to handwritten zip code recognition},
  author={LeCun, Yann and Boser, Bernhard and Denker, John S and Henderson, Donnie and Howard, Richard E and Hubbard, Wayne and Jackel, Lawrence D},
  journal={Neural computation},
  volume={1},
  number={4},
  year={1989}
}
@article{FarabetPAMI13,
  title={Learning hierarchical features for scene labeling},
  author={Farabet, Cl{\'e}ment and Couprie, Camille and Najman, Laurent and LeCun, Yann},
  journal={TPAMI},
  volume={35},
  number={8},
  year={2013}
}
@article{Donahue13,
  title={Decaf: A deep convolutional activation feature for generic visual recognition},
  author={Donahue, Jeff and Jia, Yangqing and Vinyals, Oriol and Hoffman, Judy and Zhang, Ning and Tzeng, Eric and Darrell, Trevor},
  journal={arXiv preprint arXiv:1310.1531},
  year={2013}
}
@incollection{ShottonECCV06,
  title={Textonboost: Joint appearance, shape and context modeling for multi-class object recognition and segmentation},
  author={Shotton, Jamie and Winn, John and Rother, Carsten and Criminisi, Antonio},
  booktitle={ECCV},
  year={2006}
  }
  @article{RowleyPAMI98,
  title={Neural network-based face detection},
  author={Rowley, Henry A and Baluja, Shumeet and Kanade, Takeo},
  journal={TPAMI},
  volume={20},
  number={1},
  year={1998},
 }
 @article{EveringhamIJCV10, 
   author = "Everingham, M. and Van~Gool, L. and Williams, C. K. I. and Winn, J. and Zisserman, A.", 
   title = "The Pascal Visual Object Classes (VOC) Challenge", 
   journal = "IJCV", 
   volume = "88", 
   year = "2010", 
   number = "2" 
} 
@misc{Jia13,
   Author = {Yangqing Jia},
   Title = { {Caffe}: An Open Source Convolutional Architecture for Fast Feature Embedding},
   Year  = {2013},
   Howpublished = {\url{http://caffe.berkeleyvision.org/}
} 
@incollection{HoiemECCV12,
  title={Diagnosing error in object detectors},
  author={Hoiem, Derek and Chodpathumwan, Yodsawalai and Dai, Qieyun},
  booktitle={ECCV},
  year={2012}
}
@inproceedings{DengCVPR09,
        AUTHOR = {Deng, J. and Dong, W. and Socher, R. and Li, L.-J. and Li, K. and Fei-Fei, L.},
        TITLE = {{ImageNet: A Large-Scale Hierarchical Image Database}},
        BOOKTITLE = {CVPR},
        YEAR = {2009}
        }
@inproceedings{MottaghiCVPR12,
  title={Augmenting deformable part models with irregular-shaped object patches},
  author={Mottaghi, Roozbeh},
  booktitle={CVPR},
  year={2012}
  }