% RBG bibtex references

%@string{JMLR = "Journal of Machine Learning Research"}
@string{JMLR = "JMRL"}

@string{ICLR = "ICLR"}

@string{BMVC = "BMVC"}

%@string{PAMI = "IEEE Trans. on Pattern Analysis and Machine Intelligence"}
@string{PAMI = "TPAMI"}

@string{CVIU = "Computer Vision and Image Understanding"}

@string{PR = "Pattern Recognition"}

%@string{ICCV = "IEEE International Conference on Computer Vision"}
@string{ICCV = "ICCV"}

%@string{CVPR = "IEEE Conference on Computer Vision and Pattern Recognition"}
@string{CVPR = "CVPR"}

%@string{IJCV = "International Journal of Computer Vision"}
@string{IJCV = "IJCV"}

%@string{ICML = "International Conference on Machine Learning"}
@string{ICML = "ICML"}

%@string{ECCV = "European Conference on Computer Vision"}
@string{ECCV = "ECCV"}

%@string{MICCAI = "Medical Image Computing and Computer-Assisted Intervention"}
@string{MICCAI = "MICCAI"}

@string{ACCV = "ACCV"}

@string{IJCAI = "International Joint Conference on Artificial Intelligence"}

@string{RA = "IEEE Trans. on Robotics and Automation"}

@string{CACM = "Communications of the ACM"}

@string{CVGIP = "Computer Vision, Graphics, and Image Processing"}

@string{AI = "Artificial Intelligence"}

@string{JAIR = "Journal of Artificial Intelligence Research"}

%@string{NIPS = "Advances in Neural Information Processing Systems"}
@string{NIPS = "NIPS"}

@string{AISTATS = "International Conference on Artificial Intelligence and Statistics"}

@string{IEEEPUB = "IEEE Computer Society"}



@article{Rcnn,
  title={Rich feature hierarchies for accurate object detection and semantic segmentation},
  author={Girshick, Ross and Donahue, Jeff and Darrell, Trevor and Malik, Jitendra},
  journal={arXiv preprint arXiv:1311.2524},
  year={2013}
}
@inproceedings{Kriz,
  title={ImageNet Classification with Deep Convolutional Neural Networks.},
  author={Krizhevsky, Alex and Sutskever, Ilya and Hinton, Geoffrey E},
  booktitle={NIPS},
  year={2012}
}
@article{Lecun89,
  title={Backpropagation applied to handwritten zip code recognition},
  author={LeCun, Yann and Boser, Bernhard and Denker, John S and Henderson, Donnie and Howard, Richard E and Hubbard, Wayne and Jackel, Lawrence D},
  journal={Neural computation},
  volume={1},
  number={4},
  year={1989}
}
@article{Decaf,
  title={Decaf: A deep convolutional activation feature for generic visual recognition},
  author={Donahue, Jeff and Jia, Yangqing and Vinyals, Oriol and Hoffman, Judy and Zhang, Ning and Tzeng, Eric and Darrell, Trevor},
  journal={arXiv preprint arXiv:1310.1531},
  year={2013}
}
@misc{Caffe,
   Author = {Yangqing Jia},
   Title = { {Caffe}: An Open Source Convolutional Architecture for Fast Feature Embedding},
   Year  = {2013},
   Howpublished = {\url{http://caffe.berkeleyvision.org/}
} 
@article{Pascal, 
   author = "Everingham, M. and Van~Gool, L. and Williams, C. K. I. and Winn, J. and Zisserman, A.", 
   title = "The Pascal Visual Object Classes (VOC) Challenge", 
   journal = "IJCV", 
   volume = "88", 
   year = "2010", 
   number = "2" 
} 
@article{DPM,
  title={Object detection with discriminatively trained part-based models},
  author={Felzenszwalb, Pedro F and Girshick, Ross B and McAllester, David and Ramanan, Deva},
  journal={TPAMI},
  volume={32},
  number={9},
  year={2010}
}
@article{Simonyan,
  author       = "Simonyan, K. and Vedaldi, A. and Zisserman, A.",
  title        = "Learning Local Feature Descriptors Using Convex Optimisation",
  journal      = "IEEE Transactions on Pattern Analysis and Machine Intelligence",
  year         = "2014",
}
@INPROCEEDINGS{Hog,
    author = {Navneet Dalal and Bill Triggs},
    title = {Histograms of Oriented Gradients for Human Detection},
    booktitle = {In CVPR},
    year = {2005},
    pages = {886--893}
}
@ARTICLE{Sift,
    author = {David G. Lowe},
    title = {Distinctive Image Features from Scale-Invariant Keypoints},
    journal = {International Journal of Computer Vision},
    year = {2004},
    volume = {60},
    pages = {91--110}
}
@article{o2p,
  author    = {Jo{\~a}o Carreira and
               Cristian Sminchisescu},
  title     = {CPMC: Automatic Object Segmentation Using Constrained Parametric
               Min-Cuts},
  journal   = {IEEE Trans. Pattern Anal. Mach. Intell.},
  volume    = {34},
  number    = {7},
  year      = {2012},
  pages     = {1312-1328},
  ee        = {http://doi.ieeecomputersociety.org/10.1109/TPAMI.2011.231},
  bibsource = {DBLP, http://dblp.uni-trier.de}
}
@article{HintonPre,
 author = {Hinton, Geoffrey E. and Osindero, Simon and Teh, Yee-Whye},
 title = {A Fast Learning Algorithm for Deep Belief Nets},
 journal = {Neural Comput.},
 issue_date = {July 2006},
 volume = {18},
 number = {7},
 month = jul,
 year = {2006},
 issn = {0899-7667},
 pages = {1527--1554},
 numpages = {28},
 url = {http://dx.doi.org/10.1162/neco.2006.18.7.1527},
 doi = {10.1162/neco.2006.18.7.1527},
 acmid = {1161605},
 publisher = {MIT Press},
 address = {Cambridge, MA, USA},
} 
@article{DeepPre,
 author = {Erhan, Dumitru and Bengio, Yoshua and Courville, Aaron and Manzagol, Pierre-Antoine and Vincent, Pascal and Bengio, Samy},
 title = {Why Does Unsupervised Pre-training Help Deep Learning?},
 journal = {J. Mach. Learn. Res.},
 issue_date = {3/1/2010},
 volume = {11},
 month = mar,
 year = {2010},
 issn = {1532-4435},
 pages = {625--660},
 numpages = {36},
 url = {http://dl.acm.org/citation.cfm?id=1756006.1756025},
 acmid = {1756025},
 publisher = {JMLR.org},
} 
@inproceedings{GoogleCat,
title = {Building high-level features using large scale unsupervised learning},
author  = {Quoc Le and Marc'Aurelio Ranzato and Rajat Monga and Matthieu Devin and Kai Chen and Greg Corrado and Jeff Dean and Andrew Ng},
year  = 2012,
booktitle = {International Conference in Machine Learning}
}
@article{DeConv,
  author    = {Matthew D. Zeiler and
               Rob Fergus},
  title     = {Visualizing and Understanding Convolutional Networks},
  journal   = {CoRR},
  volume    = {abs/1311.2901},
  year      = {2013},
  ee        = {http://arxiv.org/abs/1311.2901},
  bibsource = {DBLP, http://dblp.uni-trier.de}
}
@Article{Grandmother,
AUTHOR = {Quiroga, R Quian and Reddy, L and Kreiman, G and Koch, C and Fried, I},
TITLE = {Invariant visual representation by single neurons in the human brain.},
JOURNAL = {Nature},
VOLUME = {435},
YEAR = {2005},
NUMBER = {7045},
PAGES = {1102-7},
URL = {http://www.biomedsearch.com/nih/Invariant-visual-representation-by-single/15973409.html},
PubMedID = {15973409},
ISSN = {1476-4687},
}
@article{sun,
  author = {Xiao, Jianxiong and Hays, James and Ehinger, Krista A. and Oliva, Aude and Torralba, Antonio},
  title = {SUN database: Large-scale scene recognition from abbey to zoo.},
  journal = {CVPR},
  pages = {3485-3492},
  publisher = {IEEE},
  year = 2010
}
@article{overfeat,
  author    = {Pierre Sermanet and
               David Eigen and
               Xiang Zhang and
               Micha{\"e}l Mathieu and
               Rob Fergus and
               Yann LeCun},
  title     = {OverFeat: Integrated Recognition, Localization and Detection
               using Convolutional Networks},
  journal   = {CoRR},
  volume    = {abs/1312.6229},
  year      = {2013},
  ee        = {http://arxiv.org/abs/1312.6229},
  bibsource = {DBLP, http://dblp.uni-trier.de}
}
@inproceedings{YangRamanan,
 author = {Yi Yang and Ramanan, D.},
 title = {Articulated Pose Estimation with Flexible Mixtures-of-parts},
 booktitle = {Proceedings of the 2011 IEEE Conference on Computer Vision and Pattern Recognition},
 series = {CVPR '11},
 year = {2011},
 isbn = {978-1-4577-0394-2},
 pages = {1385--1392},
 numpages = {8},
 url = {http://dx.doi.org/10.1109/CVPR.2011.5995741},
 doi = {10.1109/CVPR.2011.5995741},
 acmid = {2192012},
 publisher = {IEEE Computer Society},
 address = {Washington, DC, USA},
 keywords = {dynamic programming, flexible mixture of parts, human pose estimation, static images, articulated limb parts, flexible mixture model, contextual co-occurrence relation, standard spring models, spatial relations, tree structure},
} 
@InProceedings{Poselets,
  author       = "Lubomir Bourdev and Subhransu Maji and Thomas Brox and Jitendra Malik",
  title        = "Detecting People Using Mutually Consistent Poselet Activations",
  booktitle    = "European Conference on Computer Vision (ECCV)",
  year         = "2010",
  url          = "http://www.eecs.berkeley.edu/~lbourdev/poselets"
}
@inproceedings{Blocks,
  Author    = {M. Juneja and A. Vedaldi and C. V. Jawahar and A. Zisserman},
  Title     = {Blocks that Shout: Distinctive Parts for Scene Classification},
  Booktitle = {Proceedings of the {IEEE} Conf.
               on Computer Vision and Pattern Recognition ({CVPR})},
  Year      = {2013}
}
@inproceedings{Mid1,
  author = {Saurabh Singh and Abhinav Gupta and Alexei A. Efros},
  title = {Unsupervised Discovery of Mid-level Discriminative Patches},
  booktitle={European Conference on Computer Vision},
  year = {2012},
  eprint= {1205.3137},
  archivePrefix = {arXiv},
  primaryClass = {cs.CV},
  url = {http://arxiv.org/abs/1205.3137},
}
@InProceedings{regionlets,
author = {Xiaoyu Wang and Ming Yang and Shenghuo Zhu and Yuanqing Lin},
title = {Regionlets for Generic Object Detection},
booktitle = {The IEEE International Conference on Computer Vision (ICCV)},
month = {December},
year = {2013}
}
@InProceedings{Barlow,
author = {Horlace Barlow},
title = {Single Units and Sensations: A neuron doctrine for perceptual psychology?},
booktitle = {Perception},
year = {1972}
}
@inproceedings{imagenet,
        AUTHOR = {Deng, J. and Dong, W. and Socher, R. and Li, L.-J. and Li, K. and Fei-Fei, L.},
        TITLE = {{ImageNet: A Large-Scale Hierarchical Image Database}},
        BOOKTITLE = {CVPR09},
        YEAR = {2009},
        BIBSOURCE = "http://www.image-net.org/papers/imagenet_cvpr09.bib"
}
@inproceedings{AmitGeman,
    author = {Donald Geman and Yali Amit and Kenneth Wilder},
    title = {Joint Induction of Shape Features and Tree Classifiers},
    year = {1997}
}
@article{Breiman,
 author = {Breiman, Leo},
 title = {Random Forests},
 journal = {Mach. Learn.},
 issue_date = {October 1 2001},
 volume = {45},
 number = {1},
 month = oct,
 year = {2001},
 issn = {0885-6125},
 pages = {5--32},
 numpages = {28},
 url = {http://dx.doi.org/10.1023/A:1010933404324},
 doi = {10.1023/A:1010933404324},
 acmid = {570182},
 publisher = {Kluwer Academic Publishers},
 address = {Hingham, MA, USA},
 keywords = {classification, ensemble, regression},
} 

@article{UijlingsIJCV2013,
  author       = "Uijlings, J. and van de Sande, K. and Gevers, T. and Smeulders, A.",
  title        = "Selective Search for Object Recognition",
  journal      = IJCV,
  year         = "2013",
  @number       = "2",
  @volume       = "104",
  @pages        = "154--171",
  @url          = "http://www.science.uva.nl/research/publications/2013/UijlingsIJCV2013"
}

@article{astounding,
  author    = {Ali Sharif Razavian and Hossein Azizpour and Josephine Sullivan and Stefan Carlsson},
  title     = {CNN Features off-the-shelf: an Astounding Baseline for Recognition},
  journal   = {CoRR},
  volume    = {abs/1403.6382},
  year      = {2014},
}

@article{rumelhart86,
  title = {Learning internal representations by error propagation},
  author = {D. E. Rumelhart and G. E. Hinton and R. J. Williams},
  journal = {{Parallel Distributed Processing}}, 
  volume = {1},
  pages = {318-362}, 
  publisher = {MIT Press},
  year = {1986}
}

@article{fukushima1980neocognitron,
  title={Neocognitron: A self-organizing neural network model for a 
         mechanism of pattern recognition unaffected by shift in position},
  author={Fukushima, Kunihiko},
  journal={Biological cybernetics},
  volume={36},
  number={4},
  pages={193--202},
  year={1980},
}

@inproceedings{szegedy2013deep,
  title={Deep Neural Networks for Object Detection},
  author={Szegedy, Christian and Toshev, Alexander and Erhan, Dumitru},
  booktitle=NIPS,
  year={2013}
}
@inproceedings{weiss2009spectral,
  title={Spectral hashing},
  author={Weiss, Yair and Torralba, Antonio and Fergus, Rob},
  booktitle={Advances in neural information processing systems},
  pages={1753--1760},
  year={2009}
}
@inproceedings{gong2011iterative,
  title={Iterative quantization: A procrustean approach to learning binary codes},
  author={Gong, Yunchao and Lazebnik, Svetlana},
  booktitle={Computer Vision and Pattern Recognition (CVPR), 2011 IEEE Conference on},
  pages={817--824},
  year={2011},
  organization={IEEE}
}
@inproceedings{torralba2011unbiased,
  title={Unbiased look at dataset bias},
  author={Torralba, Antonio and Efros, Alexei A},
  booktitle={Computer Vision and Pattern Recognition (CVPR), 2011 IEEE Conference on},
  pages={1521--1528},
  year={2011},
  organization={IEEE}
}
@inproceedings{lazebnik2006beyond,
  title={Beyond bags of features: Spatial pyramid matching for recognizing natural scene categories},
  author={Lazebnik, Svetlana and Schmid, Cordelia and Ponce, Jean},
  booktitle={Computer Vision and Pattern Recognition, 2006 IEEE Computer Society Conference on},
  volume={2},
  pages={2169--2178},
  year={2006},
  organization={IEEE}
}
